<?xml version="1.0"?>
<collection xmlns="http://www.loc.gov/MARC21/slim">
  <record>
    <leader>01546nam a2200397 a 4500</leader>
    <controlfield tag="001">cihm_28773</controlfield>
    <controlfield tag="003">CaSfIA</controlfield>
    <controlfield tag="005">20160212080750.0</controlfield>
    <controlfield tag="007">cr||||||||||||</controlfield>
    <controlfield tag="008">831201s1899    xx      b     000 0 eng d</controlfield>
    <datafield tag="020" ind1=" " ind2=" ">
      <subfield code="a">0665287739</subfield>
    </datafield>
    <datafield tag="035" ind1=" " ind2=" ">
      <subfield code="a">ocn317910243</subfield>
    </datafield>
    <datafield tag="040" ind1=" " ind2=" ">
      <subfield code="a">CaOOCIHM</subfield>
      <subfield code="b">eng</subfield>
      <subfield code="d">AEU</subfield>
      <subfield code="d">CaSfIA</subfield>
    </datafield>
    <datafield tag="043" ind1=" " ind2=" ">
      <subfield code="a">n-cn-on</subfield>
      <subfield code="a">n-cn---</subfield>
    </datafield>
    <datafield tag="082" ind1="0" ind2=" ">
      <subfield code="a">971</subfield>
      <subfield code="2">19</subfield>
    </datafield>
    <datafield tag="090" ind1=" " ind2=" ">
      <subfield code="a">FC 02 0203 no. 28773</subfield>
      <subfield code="b">AEU</subfield>
    </datafield>
    <datafield tag="100" ind1="1" ind2=" ">
      <subfield code="a">Scadding, Henry,</subfield>
      <subfield code="d">1813-1901</subfield>
    </datafield>
    <datafield tag="245" ind1="1" ind2="0">
      <subfield code="a">Sir Joseph Banks again</subfield>
      <subfield code="h">[electronic resource] </subfield>
      <subfield code="b">Queen Charlotte, and some Canadian local names : a supplemental note /</subfield>
      <subfield code="c">by Henry Scadding.</subfield>
    </datafield>
    <datafield tag="260" ind1=" " ind2=" ">
      <subfield code="a">[S.l. :</subfield>
      <subfield code="b">s.n.,</subfield>
      <subfield code="c">189-?]</subfield>
    </datafield>
    <datafield tag="300" ind1=" " ind2=" ">
      <subfield code="a">1 microfiche (6 fr.).</subfield>
    </datafield>
    <datafield tag="490" ind1="1" ind2=" ">
      <subfield code="a">CIHM/ICMH Microfiche series = CIHM/ICMH collection de microfiches ;</subfield>
      <subfield code="v">no. 28773</subfield>
    </datafield>
    <datafield tag="500" ind1=" " ind2=" ">
      <subfield code="a">Caption title.</subfield>
    </datafield>
    <datafield tag="533" ind1=" " ind2=" ">
      <subfield code="a">Filmed from a copy of the original publication held by the Thomas Fisher Rare Book Library, University of Toronto Library.</subfield>
      <subfield code="b">Ottawa :</subfield>
      <subfield code="c">Canadian Institute for Historical Microreproductions,</subfield>
      <subfield code="d">1983.</subfield>
    </datafield>
    <datafield tag="534" ind1=" " ind2=" ">
      <subfield code="e">4 p. ; 22 cm.</subfield>
    </datafield>
    <datafield tag="596" ind1=" " ind2=" ">
      <subfield code="a">43</subfield>
    </datafield>
    <datafield tag="600" ind1="1" ind2="0">
      <subfield code="a">Banks, Joseph,</subfield>
      <subfield code="c">Sir,</subfield>
      <subfield code="d">1743-1820.</subfield>
    </datafield>
    <datafield tag="600" ind1="1" ind2="6">
      <subfield code="a">Banks, Joseph,</subfield>
      <subfield code="c">Sir,</subfield>
      <subfield code="d">1743-1820.</subfield>
    </datafield>
    <datafield tag="650" ind1=" " ind2="0">
      <subfield code="a">Street names</subfield>
      <subfield code="z">Ontario</subfield>
      <subfield code="z">Toronto.</subfield>
    </datafield>
    <datafield tag="650" ind1=" " ind2="0">
      <subfield code="a">Names, Geographical</subfield>
      <subfield code="z">Canada.</subfield>
    </datafield>
    <datafield tag="650" ind1=" " ind2="6">
      <subfield code="a">Rues</subfield>
      <subfield code="x">Noms</subfield>
      <subfield code="z">Ontario</subfield>
      <subfield code="z">Toronto.</subfield>
    </datafield>
    <datafield tag="650" ind1=" " ind2="6">
      <subfield code="a">Noms g&#xC3;&#xA9;ographiques</subfield>
      <subfield code="z">Canad</subfield>
    </datafield>
    <!-- No separator at end of field length=33 -->
    <!-- Bad indicator data. Skipping 2 bytes -->
    <datafield tag="651" ind1=" " ind2="0">
      <subfield code="a">Toronto (Ont.)</subfield>
      <subfield code="x">Streets.</subfield>
    </datafield>
    <!-- Bad indicator data. Skipping 2 bytes -->
    <datafield tag="651" ind1=" " ind2="6">
      <subfield code="a">Toronto (Ontario)</subfield>
      <subfield code="x">Rues.</subfield>
    </datafield>
    <!-- Bad indicator data. Skipping 2 bytes -->
    <datafield tag="830" ind1=" " ind2="0">
      <subfield code="a">CIHM/ICMH microfiche series ;</subfield>
      <subfield code="v">no. 28773</subfield>
    </datafield>
    <!-- Bad indicator data. Skipping 2 bytes -->
    <datafield tag="856" ind1="4" ind2="1">
      <subfield code="u">http://archive.org/details/cihm_28773</subfield>
      <subfield code="z">Free eBook from the Internet Archive</subfield>
    </datafield>
    <datafield tag="856" ind1="4" ind2="2">
      <subfield code="u">http://www.openlibrary.org/books/OL24227738M</subfield>
      <subfield code="z">Additional information and access via Open Library</subfield>
    </datafield>
    <!-- Bad indicator data. Skipping 2 bytes -->
    <datafield tag="016" ind1=" " ind2=" ">
      <subfield code="a"> 83618713X</subfield>
    </datafield>
    <!-- Bad indicator data. Skipping 2 bytes -->
  </record>
</collection>
